% This file was created with JabRef 2.10.
% Encoding: UTF8


@Article{Bauer2013,
  Title                    = {Lightweight algorithms for constructing and inverting the {BWT} of string collections},
  Author                   = {Markus J. Bauer and Anthony J. Cox and Giovanna Rosone},
  Journal                  = {Theoretical Computer Science},
  Year                     = {2013},
  Pages                    = {134-148},
  Volume                   = {483},

  Doi                      = {10.1016/j.tcs.2012.02.002},
  File                     = {Bauer2013.pdf:jltsiren/Bauer2013.pdf:PDF},
  Keywords                 = {BWT, text indexes, next-generation sequencing},
  Owner                    = {jltsiren},
  Timestamp                = {2014.05.07}
}

@InProceedings{Beller2013,
  Title                    = {Space-Efficient Construction of the {B}urrows-{W}heeler Transform},
  Author                   = {Timo Beller and Maike Zwerger and Simon Gog and Enno Ohlebusch},
  Booktitle                = {Proceedings of the 20th Symposium on String Processing and Information Retrieval (SPIRE 2013)},
  Year                     = {2013},
  Pages                    = {5-16},
  Publisher                = {Springer},
  Series                   = {LNCS},
  Volume                   = {8214},

  Doi                      = {10.1007/978-3-319-02432-5_5},
  File                     = {Beller2013.pdf:jltsiren/Beller2013.pdf:PDF},
  Owner                    = {jltsiren},
  Timestamp                = {2013.09.30}
}

@InProceedings{Bingmann2013,
  Title                    = {Inducing Suffix and Lcp Arrays in External Memory},
  Author                   = {Timo Bingmann and Johannes Fischer and Vitaly Osipov},
  Booktitle                = {Proceedings of the 15th Meeting on Algorithm Engineering and Experiments (ALENEX 2013)},
  Year                     = {2013},
  Pages                    = {88-102},
  Publisher                = {SIAM},

  File                     = {Bingmann2013.pdf:jltsiren/Bingmann2013.pdf:PDF},
  Owner                    = {jltsiren},
  Timestamp                = {2013.05.22},
  Url                      = {http://knowledgecenter.siam.org/0238-000015/}
}

@TechReport{Burrows1994,
  Title                    = {A block sorting lossless data compression algorithm},
  Author                   = {Burrows, Michael and Wheeler, David J.},
  Institution              = {Digital Equipment Corporation},
  Year                     = {1994},
  Number                   = {124},

  File                     = {Burrows1994.pdf:jltsiren/Burrows1994.pdf:PDF},
  Owner                    = {jltsiren},
  Timestamp                = {2009.04.29},
  Url                      = {http://www.hpl.hp.com/techreports/Compaq-DEC/SRC-RR-124.html}
}

@Article{Chan2007,
  Title                    = {Compressed indexes for dynamic text collections},
  Author                   = {Ho-Leung Chan and Wing-Kai Hon and Tak-Wah Lam and Kunihiko Sadakane},
  Journal                  = {ACM Transactions on Algorithms},
  Year                     = {2007},
  Number                   = {2},
  Pages                    = {21},
  Volume                   = {3},

  Doi                      = {10.1145/1240233.1240244},
  File                     = {Chan2007.pdf:jltsiren/Chan2007.pdf:PDF},
  Keywords                 = {compressed suffix tree, string matching},
  Owner                    = {jltsiren},
  Timestamp                = {2008.03.31}
}

@Article{Ferragina2012,
  Title                    = {Lightweight Data Indexing and Compression in External Memory},
  Author                   = {Paolo Ferragina and Travis Gagie and Giovanni Manzini},
  Journal                  = {Algorithmica},
  Year                     = {2012},
  Number                   = {3},
  Pages                    = {707-730},
  Volume                   = {63},

  Doi                      = {10.1007/s00453-011-9535-0},
  File                     = {Ferragina2012.pdf:jltsiren/Ferragina2012.pdf:PDF},
  Keywords                 = {Burrows-Wheeler transform, compressed indexes, data compression, space-efficient algorithms, external memory scan-based algorithms},
  Owner                    = {jltsiren},
  Timestamp                = {2012.05.21}
}

@Article{Ferragina2005a,
  Title                    = {Indexing compressed text},
  Author                   = {Ferragina, Paolo and Manzini, Giovanni},
  Journal                  = {Journal of the ACM},
  Year                     = {2005},
  Number                   = {4},
  Pages                    = {552-581},
  Volume                   = {52},

  Doi                      = {10.1145/1082036.1082039},
  File                     = {Ferragina2005a.pdf:jltsiren/Ferragina2005a.pdf:PDF},
  Keywords                 = {Burrows-Wheeler transform, full-text indexing, indexing data structure, Lempel-Ziv compressor, pattern searching, suffix tree, suffix array, text compression},
  Owner                    = {jltsiren},
  Timestamp                = {2009.04.30}
}

@InProceedings{Gog2014b,
  Title                    = {From Theory to Practice: Plug and Play with Succinct Data Structures},
  Author                   = {Simon Gog and Timo Beller and Alistair Moffat and Matthias Petri},
  Booktitle                = {Proceedings of the 13th International Symposium on Experimental Algorithms (SEA 2014)},
  Year                     = {2014},
  Pages                    = {326-337},
  Publisher                = {Springer},
  Series                   = {LNCS},
  Volume                   = {8504},

  Doi                      = {10.1007/978-3-319-07959-2_28},
  Owner                    = {jltsiren},
  Timestamp                = {2014.05.03}
}

@InCollection{Gonnet1992,
  Title                    = {New indices for text: {PAT} Trees and {PAT} arrays},
  Author                   = {Gonnet, Gaston H. and Baeza-Yates, Ricardo A. and Snider, Tim},
  Booktitle                = {Information retrieval: data structures and algorithms},
  Publisher                = {Prentice-Hall},
  Year                     = {1992},
  Editor                   = {Frakes, William B. and Baeza-Yates, Ricardo},
  Pages                    = {66-82},

  File                     = {Gonnet1992.pdf:jltsiren/Gonnet1992.pdf:PDF},
  Owner                    = {jltsiren},
  Timestamp                = {2009.02.19}
}

@Article{Hon2007,
  Title                    = {A space and time efficient algorithm for constructing compressed suffix arrays},
  Author                   = {Hon, Wing-Kai and Lam, Tak-Wah and Sadakane, Kunihiko and Sung, Wing-Kin and Yiu, Siu-Ming},
  Journal                  = {Algorithmica},
  Year                     = {2007},
  Number                   = {1},
  Pages                    = {23-36},
  Volume                   = {48},

  Doi                      = {10.1007/s00453-006-1228-8},
  File                     = {Hon2007.pdf:jltsiren/Hon2007.pdf:PDF},
  Keywords                 = {text indexing, pattern matching, compression, construction},
  Owner                    = {jltsiren},
  Timestamp                = {2007.09.03}
}

@Article{Kaerkkaeinen2007,
  Title                    = {Fast {BWT} in small space by blockwise suffix sorting},
  Author                   = {Kärkkäinen, Juha},
  Journal                  = {Theoretical Computer Science},
  Year                     = {2007},
  Number                   = {3},
  Pages                    = {249-257},
  Volume                   = {387},

  Doi                      = {10.1016/j.tcs.2007.07.018},
  File                     = {Kaerkkaeinen2007.pdf:jltsiren/Kaerkkaeinen2007.pdf:PDF},
  Keywords                 = {Burrows-Wheeler transform, suffix sorting, suffix array, space-efficient algorithms},
  Owner                    = {jltsiren},
  Timestamp                = {2007.09.06}
}

@InProceedings{Kaerkkaeinen2014a,
  Title                    = {Engineering a Lightweight External Memory Suffix Array Construction Algorithm},
  Author                   = {Juha Kärkkäinen and Dominik Kempa},
  Booktitle                = {Proceedings of the 2nd International Conference on Algorithms for Big Data (ICABD 2014)},
  Year                     = {2014},
  Pages                    = {53-60},
  Series                   = {CEUR-WS Proceedings},
  Volume                   = {1146},

  File                     = {Kaerkkaeinen2014a.pdf:jltsiren/Kaerkkaeinen2014a.pdf:PDF},
  Owner                    = {jltsiren},
  Timestamp                = {2014.04.25},
  Url                      = {http://ceur-ws.org/Vol-1146/paper9.pdf}
}

@InProceedings{Kaerkkaeinen2015a,
  Title                    = {Parallel External Memory Suffix Sorting},
  Author                   = {Juha Kärkkäinen and Dominik Kempa and Simon J. Puglisi},
  Booktitle                = {Proceedings of the 26th Annual Symposium on Combinatorial Pattern Matching (CPM 2015)},
  Year                     = {2015},
  Pages                    = {329-342},
  Publisher                = {Springer},
  Series                   = {LNCS},
  Volume                   = {9133},

  Doi                      = {10.1007/978-3-319-19929-0_28},
  File                     = {Kaerkkaeinen2015a.pdf:jltsiren/Kaerkkaeinen2015a.pdf:PDF},
  Owner                    = {jltsiren},
  Timestamp                = {2015.09.22}
}

@Unpublished{Li2015,
  Title                    = {Correcting {I}llumina sequencing errors for human data},
  Author                   = {Heng Li},
  Note                     = {arXiv:1502.03744},
  Year                     = {2015},

  File                     = {Li2015.pdf:jltsiren/Li2015.pdf:PDF},
  Owner                    = {jltsiren},
  Timestamp                = {2015.02.15}
}

@Article{Li2014a,
  Title                    = {Fast construction of {FM}-index for long sequence reads},
  Author                   = {Heng Li},
  Journal                  = {Bioinformatics},
  Year                     = {2014},
  Number                   = {22},
  Pages                    = {3274-3275},
  Volume                   = {30},

  Doi                      = {10.1093/bioinformatics/btu541},
  File                     = {Li2014a.pdf:jltsiren/Li2014a.pdf:PDF},
  Owner                    = {jltsiren},
  Timestamp                = {2015.01.12}
}

@Electronic{Liu2014,
  Title                    = {{GPU}-Accelerated {BWT} Construction for Large Collection of Short Reads},
  Author                   = {Chi-Man Liu and Ruibang Luo and Tak-Wah Lam},
  Url                      = {http://arxiv.org/abs/1401.7457},
  Year                     = {2014},

  File                     = {Liu2014.pdf:jltsiren/Liu2014.pdf:PDF},
  Owner                    = {jltsiren},
  Timestamp                = {2014.05.07}
}

@Article{Manber1993,
  Title                    = {Suffix Arrays: A New Method for On-Line String Searches},
  Author                   = {Udi Manber and Gene Myers},
  Journal                  = {SIAM Journal on Computing},
  Year                     = {1993},
  Number                   = {5},
  Pages                    = {935-948},
  Volume                   = {22},

  Doi                      = {10.1137/0222058},
  File                     = {Manber1993.pdf:jltsiren/Manber1993.pdf:PDF},
  Keywords                 = {string searching, string matching, pattern matching, suffix trees, algorithms, text indexing, inverted indices},
  Owner                    = {jltsiren},
  Timestamp                = {2011.03.02}
}

@Electronic{Mori2008,
  Title                    = {libdivsufsort},
  Author                   = {Yuta Mori},
  Url                      = {https://github.com/y-256/libdivsufsort},
  Year                     = {2008},

  Owner                    = {jltsiren},
  Timestamp                = {2015.10.20}
}

@Article{Nong2014,
  Title                    = {Suffix Array Construction in External Memory using {D}-Critical Substrings},
  Author                   = {Ge Nong and Wai Hong Chan and Sen Zhang and Xiao Feng Guan},
  Journal                  = {ACM Transactions on Information Systems},
  Year                     = {2014},
  Number                   = {1},
  Pages                    = {1},
  Volume                   = {32},

  Doi                      = {10.1145/2518175},
  File                     = {Nong2014.pdf:jltsiren/Nong2014.pdf:PDF},
  Keywords                 = {suffix array, sorting algorithm, external memory},
  Owner                    = {jltsiren},
  Timestamp                = {2015.10.20}
}

@Article{Nong2011,
  Title                    = {Two Efficient Algorithms for Linear Time Suffix Array Construction},
  Author                   = {Ge Nong and Sen Zhang and Wai Hong Chan},
  Journal                  = {IEEE Transactions on Computers},
  Year                     = {2011},
  Number                   = {10},
  Pages                    = {1471-1484},
  Volume                   = {60},

  Doi                      = {10.1109/TC.2010.188},
  File                     = {Nong2011.pdf:jltsiren/Nong2011.pdf:PDF},
  Keywords                 = {suffix array, linear time, divide-and-conquer},
  Owner                    = {jltsiren},
  Timestamp                = {2015.10.20}
}

@InProceedings{Okanohara2009,
  Title                    = {A Linear-Time {B}urrows-{W}heeler Transform Using Induced Sorting},
  Author                   = {Daisuke Okanohara and Kunihiko Sadakane},
  Booktitle                = {Proceedings of the 16th Symposium on String Processing and Information Retrieval (SPIRE 2009)},
  Year                     = {2009},
  Pages                    = {90-101},
  Publisher                = {Springer},
  Series                   = {LNCS},
  Volume                   = {5721},

  Doi                      = {10.1007/978-3-642-03784-9_9},
  File                     = {Okanohara2009.pdf:jltsiren/Okanohara2009.pdf:PDF},
  Owner                    = {jltsiren},
  Timestamp                = {2009.09.09}
}

@InProceedings{Okanohara2007,
  Title                    = {Practical Entropy-Compressed Rank/Select Dictionary},
  Author                   = {Okanohara, Daisuke and Sadakane, Kunihiko},
  Booktitle                = {Proceedings of the Ninth Workshop on Algorithm Engineering and Experiments (ALENEX 2007)},
  Year                     = {2007},
  Pages                    = {60-70},
  Publisher                = {SIAM},

  File                     = {Okanohara2007.pdf:jltsiren/Okanohara2007.pdf:PDF},
  Owner                    = {jltsiren},
  Timestamp                = {2010.07.05},
  Url                      = {http://www.siam.org/proceedings/alenex/2007/alenex07.php}
}

@Electronic{Pantaleoni2014,
  Title                    = {A massively parallel algorithm for constructing the {BWT} of large string sets},
  Author                   = {Jacopo Pantaleoni},
  Url                      = {http://arxiv.org/abs/1410.0562},
  Year                     = {2014},

  File                     = {Pantaleoni2014.pdf:jltsiren/Pantaleoni2014.pdf:PDF},
  Owner                    = {jltsiren},
  Timestamp                = {2015.01.15}
}

@InProceedings{Siren2009,
  Title                    = {Compressed Suffix Arrays for Massive Data},
  Author                   = {Sirén, Jouni},
  Booktitle                = {Proceedings of the 16th Symposium on String Processing and Information Retrieval (SPIRE 2009)},
  Year                     = {2009},
  Pages                    = {63-74},
  Publisher                = {Springer},
  Series                   = {LNCS},
  Volume                   = {5721},

  Doi                      = {10.1007/978-3-642-03784-9_7},
  File                     = {Siren2009.pdf:jltsiren/Siren2009.pdf:PDF},
  Owner                    = {jltsiren},
  Timestamp                = {2009.08.25}
}

@Article{1000GP2015,
  Title                    = {A global reference for human genetic variation},
  Author                   = {{The 1000 Genomes Project Consortium}},
  Journal                  = {Nature},
  Year                     = {2015},
  Pages                    = {68-64},
  Volume                   = {526},

  Doi                      = {10.1038/nature15393},
  File                     = {1000GP2015.pdf:jltsiren/1000GP2015.pdf:PDF;Supplementary information:jltsiren/1000GP2015-supplement.pdf:PDF},
  Owner                    = {jltsiren},
  Timestamp                = {2015.10.08}
}

@InProceedings{Wang2015,
  Title                    = {{BWTCP}: A Parallel Method for Constructing {BWT} in Large Collection of Genomic Reads},
  Author                   = {Heng Wang and Shaoliang Peng and Yutong Lu and Chengkun Wu and Jiajun Wen and Jie Liu and Xiaoqian Zhu},
  Booktitle                = {Proceedings of the 30th International Conference on High Performance Computing (ISC 2015)},
  Year                     = {2015},
  Pages                    = {171-178},
  Publisher                = {Springer},
  Series                   = {LNCS},
  Volume                   = {9137},

  Doi                      = {10.1007/978-3-319-20119-1_13},
  File                     = {Wang2015.pdf:jltsiren/Wang2015.pdf:PDF},
  Keywords                 = {BWT, genome assembly, bwtcp, bcr, cx1, radix sort, parallel computing},
  Owner                    = {jltsiren},
  Timestamp                = {2015.06.29}
}

